@book{faith,
  title={Algebra: Mit Besonderer Ber{\"u}cksichtigung Der Anwendungsgebiete. Rings, modules and categories. 1},
  author={Faith, C.C.},
  isbn={9783540055518},
  series={Die Grundlehren der mathematischen Wissenschaften},
  url={https://books.google.com/books?id=fUuSnAEACAAJ},
  year={1973},
  publisher={Springer}
}

@article{graaf,
author = {de Graaf, Willem and Ivanyos, G. and Kuronya, Alex and R\`{o}nyai, L.},
year = {1997},
month = {04},
pages = {291-303},
title = {Computing Levi Decompositions in Lie algebras},
volume = {8},
journal = {Applicable Algebra in Engineering, Communication and Computing},
doi = {10.1007/s002000050066}
}

@article{CohnOld,
    title={A group-theoretic approach to fast matrix multiplication},
    ISBN={0769520405},
    url={http://dx.doi.org/10.1109/SFCS.2003.1238217},
    DOI={10.1109/sfcs.2003.1238217},
    journal={Proceedings of the 44th Annual IEEE Symposium on Foundations of Computer Science},
    publisher={IEEE Computer. Soc},
    author={Cohn, H. and Umans, C.},
    year={2003},
    pages={438-449},
    month={10}
}

@inproceedings{CandW,
  title={Matrix multiplication via arithmetic progressions},
  author={Coppersmith, Don and Winograd, Shmuel},
  booktitle={Proceedings of the nineteenth annual ACM symposium on Theory of computing},
  pages={1--6},
  year={1987}
}
  

@inproceedings{CohnNew,
    author={Cohn, H. and Kleinberg, R. and Szegedy, B. and Umans, C.},
    booktitle={46th Annual IEEE Symposium on Foundations of Computer Science (FOCS'05)},
    title={Group-theoretic algorithms for matrix multiplication},
    year={2005},
    pages={379-388},
    doi={10.1109/SFCS.2005.39}
}

@article{strass,
  title={Gaussian elimination is not optimal},
  author={Strassen, Volker and others},
  journal={Numerische mathematik},
  volume={13},
  number={4},
  pages={354--356},
  year={1969}
}

@book{algs,
  title={Introduction to algorithms, third edit},
  author={Cormen, TH and Leiserson, CE and Rivest, RL and Stein, C},
  year={2009},
  publisher={MIT Press}
}

@book{abs,
  title={Abstract algebra},
  author={Dummit, David S and Foote, Richard M},
  volume={1999},
  year={1991},
  publisher={Prentice Hall Englewood Cliffs, NJ}
}
 
 @manual{gap,
    key          = "GAP",
    organization = "The GAP~Group",
    title        = "{GAP -- Groups, Algorithms, and Programming,
                    Version 4.11.1}",
    year         = 2021,
    url          = {www.gap-system.org}
}
    
@manual{wedderga,
    author      = "{G. K. Bakshi, O. Broche Cristo, A. Herman, A. Konovalov, S. Maheshwary, A. Olivieri, G. Olteanu, A. del Rio and I. Van Gelder}",
    key         = "Wedderga",
    title       = "{Wedderga --- Wedderburn Decomposition of Group Algebras}",
    year        = "2020",
    url         = {www.cs.st-andrews.ac.uk/~alexk/wedderga}
}

@article{bremner,
  title={How to compute the Wedderburn decomposition of a finite-dimensional associative algebra},
  author={Bremner, Murray R},
  year={2011},
  publisher={Walter de Gruyter GmbH \& Co. KG},
  journal={Groups Complexity Cryptology},
  volume={3},
  issue={1},
  pages={47-66},
  doi={https://doi.org/10.1515/gcc.2011.003},
  url={https://www.degruyter.com/document/doi/10.1515/gcc.2011.003/html#Harvard}
}

@article{hypercomplexWedd,
    author = {Wedderburn, J. H. MacLagan},
    title = {On Hypercomplex Numbers},
    journal = {Proceedings of the London Mathematical Society},
    volume = {s2-6},
    number = {1},
    pages = {77-118},
    year = {1908},
    month = {01},
    issn = {0024-6115},
    doi = {10.1112/plms/s2-6.1.77},
    url = {https://doi.org/10.1112/plms/s2-6.1.77},
    eprint = {https://academic.oup.com/plms/article-pdf/s2-6/1/77/4301463/s2-6-1-77.pdf},
}

@article{hypercomplexArt,
    author = {Artin, Emil},
    title = {Zur Theorie der hyperkomplexen Zahlen},
    journal = {Abhandlungen aus dem Mathematischen Seminar der Universit\"{a}t Hamburg},
    volume = {5},
    number = {1},
    pages = {251-260},
    month = {01},
    year = {1927},
    issn = {1865-8784},
    doi = {10.1007/BF02952526},
    url = {https://doi.org/10.1007/BF02952526},
}

@article{eberlyRC,
author = {Eberly, Wayne},
year = {1991},
month = {09},
pages = {211-234},
journal = {Computational Complexity},
volume = {1},
issue = {3},
pages = {},
title = {Decompositions of algebras over $\RR$ and $\CC$},
doi = {10.1007/BF01200061},
url = {https://doi.org/10.1007/BF01200061}
}

@inproceedings{SimpleAlgebrasAreDifficult,
author = {R{\`o}nyai, L. },
title = {Simple Algebras Are Difficult},
year = {1987},
isbn = {0897912217},
publisher = {Association for Computing Machinery},
address = {New York, NY, USA},
url = {https://doi.org/10.1145/28395.28438},
doi = {10.1145/28395.28438},
pages = {398–408},
numpages = {11},
location = {New York, New York, USA},
series = {STOC '87}
}

@inproceedings{PolyTimeSolns,
author = {Friedl, K. and R{\`o}nyai, L.},
title = {Polynomial Time Solutions of Some Problems of Computational Algebra},
year = {1985},
isbn = {0897911512},
publisher = {Association for Computing Machinery},
address = {New York, NY, USA},
url = {https://doi.org/10.1145/22145.22162},
doi = {10.1145/22145.22162},
pages = {153–162},
numpages = {10},
location = {Providence, Rhode Island, USA},
series = {STOC '85}
}

@Inbook{tapas,
author={Ivanyos, G. and R{\`o}nyai, L.},
editor={Cohen, Arjeh M.
and Cuypers, Hans
and Sterk, Hans},
title={Computations in Associative and Lie Algebras},
bookTitle={Some Tapas of Computer Algebra},
year={1999},
publisher={Springer Berlin Heidelberg},
address={Berlin, Heidelberg},
pages={91-120},
isbn={978-3-662-03891-8},
doi={10.1007/978-3-662-03891-8_5},
url={https://doi.org/10.1007/978-3-662-03891-8_5}
}

@article{sympy,
     title = {SymPy: symbolic computing in Python},
     author = {Meurer, Aaron and Smith, Christopher P. and Paprocki, Mateusz and \v{C}ert\'{i}k, Ond\v{r}ej and Kirpichev, Sergey B. and Rocklin, Matthew and Kumar, AMiT and Ivanov, Sergiu and Moore, Jason K. and Singh, Sartaj and Rathnayake, Thilina and Vig, Sean and Granger, Brian E. and Muller, Richard P. and Bonazzi, Francesco and Gupta, Harsh and Vats, Shivam and Johansson, Fredrik and Pedregosa, Fabian and Curry, Matthew J. and Terrel, Andy R. and Rou\v{c}ka, \v{S}t\v{e}p\'{a}n and Saboo, Ashutosh and Fernando, Isuru and Kulal, Sumith and Cimrman, Robert and Scopatz, Anthony},
     year = 2017,
     month = jan,
     keywords = {Python, Computer algebra system, Symbolics},
     volume = 3,
     pages = {e103},
     journal = {PeerJ Computer Science},
     issn = {2376-5992},
     url = {https://doi.org/10.7717/peerj-cs.103},
     doi = {10.7717/peerj-cs.103}
}

@manual{sage,
  Key          = {SageMath},
  Author       = {{The Sage Developers}},
  Title        = {SageMath, the Sage Mathematics Software System (Version 9.8)},
  url         = { https://www.sagemath.org},
  Year         = {2023},
}

@Inbook{drozd,
  title={Finite dimensional algebras},
  author={Yuri A. Drozd and V. V. Kirichenko},
  year={2012},
  ISBN={978-3642762468},
  publisher={Springer},
  pages={1-81},
  isbn={978-3-642-76244-4},
  publisher={Springer Berlin, Heidelberg},
  doi={https://doi.org/10.1007/978-3-642-76244-4},
  url={https://link.springer.com/book/10.1007/978-3-642-76244-4#bibliographic-information},
  address={Berlin, Heidelberg}
}
@article{landau,
author = {Landau, Susan},
title = {Factoring Polynomials over Algebraic Number Fields is in Polynomial Time},
journal = {SIAM Journal on Computing},
volume = {14},
number = {1},
pages = {184-195},
year = {1985},
doi = {10.1137/0214015},
URL = {https://doi.org/10.1137/0214015},
eprint = {https://doi.org/10.1137/0214015},
}

@InProceedings{lenstra,
author={Lenstra, A. K.},
editor={van Hulzen, J. A.},
title={Factoring polynomials over algebraic number fields},
booktitle={Computer Algebra},
year={1983},
publisher={Springer Berlin Heidelberg},
address={Berlin, Heidelberg},
pages={245-254},
isbn={978-3-540-38756-5}
}

@article{brauerwitt,
title = {The Schur subgroup of the Brauer group. I},
journal = {Journal of Algebra},
volume = {27},
number = {3},
pages = {579-589},
year = {1973},
issn = {0021-8693},
doi = {https://doi.org/10.1016/0021-8693(73)90066-5},
url = {https://www.sciencedirect.com/science/article/pii/0021869373900665},
author = {Toshihiko Yamada}
}

@InProceedings{anderson,
author="Anderson, Matthew
and Ji, Zongliang
and Xu, Anthony Yang",
editor="Pulina, Luca
and Seidl, Martina",
title="Matrix Multiplication: Verifying Strong Uniquely Solvable Puzzles",
booktitle="Theory and Applications of Satisfiability Testing -- SAT 2020",
year="2020",
publisher="Springer International Publishing",
address="Cham",
pages="464--480"
}
